@misc{fbi2014cryptowall,
  title={FBI Warns Public of Cryptowall Ransomware Schemes},
  author={FBI},
  url={https://www.fbi.gov/contact-us/field-offices/sandiego/news/press-releases/fbi-warns-public-of-cryptowall-ransomware-schemes},
  journal={Federal Bureau of Investigation},
  year={2014}
}
